@ARTICLE{Figueredo:2009dg,
   author = {Figueredo, A.~J. and Wolf, P. S.~A.},
   title = {Assortative pairing and life history strategy - a cross-cultural study.},
   journal = {Human Nature},
   volume = {20},
   pages = {317-330},
   year = {2009}
}
@ARTICLE{princetonPCA:25:2003,
	author = {Jon Shlens},
	title = {A TUTORIAL ON PRINCIPAL COMPONENT ANALYSIS Derivation, Discussion and Singular Value Decomposition},
	year = {2003}
}
@ARTICLE{ShenFuming:ppt,
	author = {沈复民},
	title = {第四次 课模式识别及应用(二)},
	year = {2018}
}
@ARTICLE{tutorial:PCA,
	author = {Lindsay I Smith},
	title = {A tutorial on Principal Components Analysis},
	year = {2002}
}
@ARTICLE{prob,
	author = {徐全志, 吕恕},
	title = {概率论与数理统计(第三版).电子科技大学数学科学院},
   pages = {216-219},
	year = {2016}
}
